@book{kuznets1934national,
  author    = {Simon Kusnets}, 
   title={National Income, 1929-1932},
  publisher = {United States Government Printing Office},
  year      = 1934,
  volume    = 124,
  address   = {Washington}
}
@book{core,
  title={The Economy-Economics for a Changing World},
  author={{The CORE Team}},
  year={2017},
  edition=1,
  publisher={Oxford University Press, UK}
}
@book{wilke2019fundamentals,
  title={Fundamentals of Data Visualization: A Primer on Making Informative and Compelling Figures},
  author={Wilke, Claus O},
  year={2019},
  publisher={O'Reilly Media}
}
@article{lacour2014contact,
  title={When contact changes minds: An experiment on transmission of support for gay equality},
  author={LaCour, Michael J and Green, Donald P},
  journal={Science},
  volume={346},
  number={6215},
  pages={1366--1369},
  year={2014},
  publisher={American Association for the Advancement of Science}
}
@misc{lacour,
  title={How a Gay-Marriage Study Went Wrong},
  author={Maria Konnikova},
  journal={{The New Yorker}},
  url={https://www.newyorker.com/science/maria-konnikova/how-a-gay-marriage-study-went-wrong},
  year={2015, May 22},
}

@book{cairo,
  title={The truthful art: data, charts, and maps for communication},
  author={Cairo, Alberto},
  year={2016},
  publisher={New Riders}
}
@book{zyb,
  title={{Labor Economics}},
  author={{Piere Cahuc and Andr√© Zylberberg}},
  year={2004},
  edition=1,
  publisher={MIT Press}
}
@techreport{gdpons,
  title={Chain-linking methods used within the UK National Accounts },
  author={{Office for National Statistics}},
  year={2016},
  publisher={Office of Public Sector Information}
}
@book{healy2018data,
  title={Data visualization: a practical introduction},
  author={Healy, Kieran},
  year={2018},
  publisher={Princeton University Press}
}
@article{few2012show,
  title={Show me the numbers},
  author={Few, Stephen},
  journal={Analytics Pres},
  year={2012}
}
@book{tufte2001visual,
  title={The visual display of quantitative information},
  author={Tufte, Edward R},
  volume={2},
  year={2001},
  publisher={Graphics press Cheshire, CT}
}
@article{smith2008japan,
  title={Japan's Phillips curve looks like Japan},
  author={Smith, Gregor W},
  journal={Journal of Money, Credit and Banking},
  volume={40},
  number={6},
  pages={1325--1326},
  year={2008},
  publisher={Wiley Online Library}
}
@misc{ons,
  title={Methodology: A guide to labour market statistics},
  author={{UK Office for National Statistics}},
  journal={https://www.ons.gov.uk/employmentandlabourmarket/peopleinwork/employmentandemployeetypes/methodologies/aguidetolabourmarketstatistics},
  year={2018, Jan 18},
}
@techreport{esa2010,
  title={European system of accounts - ESA 2010},
  author={{The European Commission - Eurostat}},
  year={2013}
}
@article{stiglitz2010report,
  title={Report by the commission on the measurement of economic performance and social progress},
  author={Stiglitz, Joseph E and Sen, Amartya and Fitoussi, Jean-Paul and others},
  journal={Paris: Commission on the Measurement of Economic Performance and Social Progress},
  year={2009}
}
@techreport{ppp,
  title={Eurostat-OECD Methodological Manual on Purchasing Power Parities},
  author={{OECD \& Eurostat}},
  year={2012}
}
@techreport{cpions,
  title={Consumer Price Indices - Technical Manual},
  author={{Office for National Statistics}},
  year={2014},
  publisher={Office of Public Sector Information}
}
@techreport{cpieu,
  title={HICP methodology},
  author={{Eurostat}},
  year={2018}
}

@techreport{ppions,
  title={Quality and Methodology Information  Producer Price Index },
  author={{Office for National Statistics}},
  year={2018},
  publisher={Office of Public Sector Information}
}
@techreport{ppieu,
  title={Handbook on industrial producer price indices (PPI)},
  author={{Eurostat}},
  year={2012}
}